@string{au="Algebra Universalis"}
@string{tcs="Theoretical Computer Science"}
@string{nh="North Holland"}
@string{ph="Prentice Hall"}
@string{cup="Cambridge University Press"}
@string{sv="Springer Verlag"}
@string{lncs="Lecture Notes in Computer Science"}
@string{lmcs="Logical Methods in Computer Science"}
@string{lnai="Lecture Notes in Artificial Intelligence"}
@string{ic="Information and Computation"}
@string{ams="American Mathematical Society"}
@string{jar="Journal of Algebraic Reasoning"}
@string{jfp="Journal of Functional Programming"}
@string{jlc="Journal of Logic and Computation"}
@string{jsm="Journal of Symbolic Logic"}
@string{jacm="Journal of the ACM"}
@string{jlap="Journal of Logic and Algebraic Programming"}
@string{jlamp="Journal of Logical and Algebraic Methods in Programming"}
@string{cacm="Communications of the ACM"}
@string{acmt="ACM Transactions on Computational Logic"}
@string{acm="ACM"}
@string{mscs="Mathematical Structures in Computer Science"}
@string{ieee="IEEE"}
@string{mitp="MIT Press"}
@string{fa="Fundamenta Informaticae"}
@string{ramics="RAMiCS"}
@string{dagstuhl="Schloss Dagstuhl - Leibniz-Zentrum f{\"u}r Informatik"}
@string{lipics="LIPIcs"}
