% Publisher

@string{ap="Academic Press"}
@string{cup="Cambridge University Press"}
@string{mcgh="Mc Graw-Hill"}
@string{nh="North Holland"}
@string{sv="Springer"}
@string{aw="Addison-Wesley"}
@string{ph="Prentice Hall"}
@string{mp="The MIT Press"}
@string{acmp="ACM Press"}
@string{easychair="Easychair"}

% Institutions-Schools

@string{cmum="Carnegie-Mellon Univ., Dept. of Math."}
@string{cucs="Cornell Univ., Dept. of Comp. Sci."}
@string{eth="E.T.H. Zurich"}
@string{eucs="Edinburgh Univ., Dept. of Comp. Sci."}
@string{mit="Massachusetts Institute of Technology"}
@string{lfcs="LFCS, Dept. of Comp. Sci.,  Edinburgh Univ."}
@string{lip="LIP -- ENS Lyon"}
@string{hal="http://hal.archives-ouvertes.fr/"}

% Organizations

@string{acm="ACM"}
@string{ieee="IEEE"}
@string{bl="Bell Laboratories"}
@string{dagstuhl="Schloss Dagstuhl - Leibniz-Zentrum für Informatik"}
@string{dagstuhl="Schloss Dagstuhl"}

% Journals

@string{acta="Acta Informatica"}
@string{acmsigp="ACM Sigplan Notices"}
@string{aml="Annals of Mathematical Logic"}
@string{amstran="Trans. AMS"}
@string{au="Algebra Universalis"}
@string{cacm="Communications of the ACM"}
@string{cmsjb="Colloquia Mathematica Societatis Janos Bolyai"}
@string{dm="Dissertationes Mathematicae"}
@string{fm="Fundamenta Matematicae"}
@string{ic="Information and Computation"}
@string{im="Indagationes Mathematicae"}
@string{jcss="JCSS"}
@string{jar="Journal of Automated Reasoning"}
@string{jlap="Journal of Logic and Algebraic Programming"}
@string{jlamp="Journal of Logical and Algebraic Methods in Programming"}
@string{jpaa="Journal of Pure and Applied Algebra"}
@string{jsl="Journal of Symbolic Logic"}
@string{lmcs="Logical Methods in Computer Science"}
@string{mpcps="Math. Proc. Camb. Phil. Soc."}
@string{mscs="Mathematical Structures in Computer Science"}
@string{mst="Mathematical System  Theory"}
@string{rmup="Rivista Matematica dell' Universita' di Parma"}
@string{siamjc="SIAM Journal of Computing"}
@string{tpls="ACM Trans. on Progr. Lang. and Sys."}
@string{tcl="ACM Trans. on Comput. Logic"}
@string{tcs="Theoretical Computer Science"}
@string{zml="Zeitschrift fur Mathematische Logik"}
@string{zmlgm="Zeitschr. f. math. Logik und Grundlagen d. Math."}
@string{entcs="Electronical Notes in Computer Science"}

% Series

@string{lipics="LIPIcs"}
@string{lncs="Lecture Notes in Computer Science"}
@string{lncs="LNCS"}
@string{lnm="Lecture Notes in Mathematics"}
@string{csam="Cambridge Studies in Advanced Mathematics"}
@string{sl="Studies in Logic"}
@string{eptcs="EPTCS"}
@string{epic="EPiC Series in Computing"}

@string{yes="yes"}
@string{no="no"}
 

@InProceedings{pous:icalp05:upto,
  title =	 {Up-to {T}echniques for {W}eak {B}isimulation},
  author =	 {Damien Pous},
  booktitle =	 {ICALP},
  year =	 2005,
  series =	 lncs,
  publisher =	 sv,
  volume =	 3580,
  pages =	 {730--741},
  doi =		 "10.1007/11523468_59",
} 

@inproceedings{hhpss:gpce05,
  author =	 {Daniel Hirschkoff and Tom Hirschowitz and Damien
                  Pous and Alan Schmitt and Jean-Bernard Stefani},
  title =	 {Component-Oriented Programming with Sharing:
                  Containment is Not Ownership},
  booktitle =	 {GPCE},
  year =	 {2005},
  pages =	 {389--404},
  doi =		 {10.1007/11561347_26},
  publisher =	 sv,
  series =	 lncs,
  volume =	 {3676},
}

@inproceedings{hps05,
  author =	 {Daniel Hirschkoff and Damien Pous and Davide
                  Sangiorgi},
  title =	 {A Correct Abstract Machine for Safe Ambients},
  booktitle =	 {COORDINATION},
  publisher =	 sv,
  series =	 lncs,
  volume =	 3454,
  year =	 2005,
  pages =	 {17--32},
  doi =		 {10.1007/11417019_2},
}

@InProceedings{pous:concur06:elabo,
  title =	 {Weak {B}isimulation up to {E}laboration},
  author =	 {Damien Pous},
  booktitle =	 {CONCUR},
  publisher =	 sv,
  year =	 2006,
  volume =	 4137,
  series =	 lncs,
  pages =	 {390--405},
  doi =		 "10.1007/11817949_26",
}

@inproceedings{pous:tgc06:fwds:upto,
  author =	 {Damien Pous},
  title =	 {On Bisimulation Proofs for the Analysis of
                  Distributed Abstract Machines},
  booktitle =	 {TGC},
  year =	 2006,
  pages =	 {150--166},
  doi =		 {10.1007/978-3-540-75336-0_10},
  publisher =	 sv,
  series =	 lncs,
  volume =	 4661,
}

@Article{hps:jlap07:gcpan,
  title =	 {An {E}fficient {A}bstract {M}achine for {S}afe
                  {A}mbients},
  author =	 {Daniel Hirschkoff and Damien Pous and Davide
                  Sangiorgi},
  journal =	 jlap,
  volume =	 71,
  number =	 2,
  year =	 2007,
  pages =	 {114--149},
  doi =          {10.1016/j.jlap.2007.02.003},
}

@Article{pous:tcs07:upto,
  title =	 {New {U}p-to {T}echniques for {W}eak {B}isimulation},
  author =	 {Damien Pous},
  journal =	 tcs,
  volume =	 380,
  number =	 {1-2},
  year =	 2007,
  pages =	 {164--180},
  doi =		 {10.1016/j.tcs.2007.02.060},
} 

@Article{hp:lmcs07:minipi,
  author =	 {Daniel Hirschkoff and Damien Pous},
  title =	 {A Distribution Law for {CCS} and a New Congruence
                  Result for the $\pi$-calculus},
  journal =	 lmcs,
  year =	 2008,
  doi =		 {10.2168/LMCS-4(2:4)2008},
  volume =	 4,
  number =	 {2:4}
}

@InProceedings{pous:aplas07:clut,
  author =	 {Damien Pous},
  title =	 {Complete Lattices and Up-To Techniques},
  booktitle =	 {APLAS},
  pages =	 {351--366},
  year =	 2007,
  volume =	 4807,
  series =	 lncs,
  publisher =	 sv,
  doi =		 {10.1007/978-3-540-76637-7_24},
}

@inproceedings{hp:fossacs07:minipi,
  author =	 {Daniel Hirschkoff and Damien Pous},
  title =	 {A Distribution Law for {CCS} and a New Congruence
                  Result for the pi-calculus},
  booktitle =	 {FoSSaCS},
  year =	 {2007},
  pages =	 {228--242},
  doi =		 {10.1007/978-3-540-71389-0_17},
  publisher =	 sv,
  series =	 lncs,
  volume =	 {4423},
}

@Article{pous:tcs08:fwd:upto,
  author =	 {Damien Pous},
  title =	 {Using Bisimulation Proof Techniques for the Analysis
                  of Distributed Algorithms},
  journal =	 tcs,
  year =	 2008,
  volume =	 402,
  number =	 {2-3},
  pages =	 {199--220},
  doi =		 {10.1016/j.tcs.2008.04.035},
}

@PhdThesis{pous:phd,
  author =	 {Damien Pous},
  title =	 {Techniques modulo pour les bisimulations},
  school =	 {École Normale Supérieure de Lyon},
  year =	 2008,
  month =	 {February},
  url =          {https://hal.archives-ouvertes.fr/tel-01441480/},
}

@article{hhp:entcs09:kepi,
  author =	 {Daniel Hirschkoff and Aurélien Pardon and Tom
                  Hirschowitz and Samuel Hym and Damien Pous},
  title =	 {Encapsulation and Dynamic Modularity in the
                  pi-calculus},
  journal =	 entcs,
  volume =	 {241},
  year =	 {2009},
  pages =	 {85--100},
  doi =		 {10.1016/j.entcs.2009.06.005},
}

@InProceedings{hp:icalp10:seeds,
  author =	 {Daniel Hirschkoff and Damien Pous},
  title =	 {On characterising strong bisimilarity in a fragment
                  of {CCS} with replication},
  booktitle =	 {ICALP},
  year =	 2010,
  pages =	 {454--465},
  series =	 lncs,
  volume =	 6199,
  publisher =	 sv,
  doi =		 {10.1007/978-3-642-14162-1_38},
}

@Misc{pous:camcad09:utas,
  author =	 {Damien Pous},
  title =	 {Untyping Typed Algebraic Structures},
  howpublished = {CAM-CAD Workshop},
  month =	 {October},
  year =	 2009,
  url =		 {http://hal.archives-ouvertes.fr/hal-00421158/},
  note =	 {(Available as a HAL report)},
}

@InProceedings{pous:csl10:utas,
  author =	 {Damien Pous},
  title =	 {Untyping Typed Algebraic Structures and Colouring
                  Proof Nets of Cyclic Linear Logic},
  booktitle =	 {CSL},
  month =	 {August},
  year =	 2010,
  series =	 lncs,
  volume =	 6247,
  pages =	 {484--498},
  publisher =	 sv,
  doi =		 {10.1007/978-3-642-15205-4_37},
}

@Misc{bp:coq09:kacoq,
  author =	 {Thomas Braibant and Damien Pous},
  title =	 {A Tactic for Deciding {K}leene Algebras},
  howpublished = {1st Coq Workshop},
  month =	 {August},
  year =	 2009,
  url =		 {http://hal.archives-ouvertes.fr/hal-00383070/},
  note =	 {(Available as a HAL report)},
}

@Misc{bp:coqworkshop10:aacrewrite,
  author =	 {Thomas Braibant and Damien Pous},
  title =	 {Rewriting modulo Associativity and Commutativity in {Coq}},
  howpublished = {2nd Coq Workshop},
  month =	 {July},
  year =	 2010,
  url =		 {http://hal.archives-ouvertes.fr/hal-00484871/},
  note =	 {(Available as a HAL report)},
}

@InProceedings{bp:itp10:kacoq,
  author =	 {Thomas Braibant and Damien Pous},
  title =	 {An Efficient {Coq} Tactic for Deciding {K}leene
                  Algebras},
  booktitle =	 {1st ITP},
  year =	 2010,
  series =	 lncs,
  publisher =	 sv,
  volume =	 6172,
  pages =	 {163--178},
  doi =		 {10.1007/978-3-642-14052-5_13},
}

@InBook{pous:dsbook11,
  author =	 {Damien Pous and Davide Sangiorgi},
  title =	 {Advanced Topics in Bisimulation and Coinduction},
  chapter =	 {about ``Enhancements of the coinductive proof
                  method''},
  publisher =	 cup,
  isbn =	 9781107004979,
  year =	 2011,
  url =          {http://www.cambridge.org/gb/knowledge/isbn/item6542021}
}

@InProceedings{bp:cpp11:aac,
  author =	 {Thomas Braibant and Damien Pous},
  title =	 {Tactics for Reasoning modulo {AC} in {C}oq},
  booktitle =	 {1st CPP},
  year =	 2011,
  series =	 lncs,
  publisher =	 sv,
  volume =	 7086,
  pages =	 {167--182},
  doi =		 {10.1007/978-3-642-25379-9_14},
}

@InProceedings{hp:ice11:cantaloupe,
  author =	 {Tom Hirschowitz and Damien Pous},
  title =	 {Innocent strategies as presheaves and interactive
                  equivalences for {CCS}},
  booktitle =	 {ICE},
  year =	 2011,
  series =	 eptcs,
  volume =	 59,
  publisher =	 {Open Publishing Association},
  doi =		 {10.4204/EPTCS.59.2},
}

@Article{hp:sacs12:cantaloupe,
  author =       {Tom Hirschowitz and Damien Pous},
  title =        {Innocent strategies as presheaves and interactive
                  equivalences for {CCS}},
  journal =      {Scientific Annals of Computer Science},
  year =         2012,
  volume =       22,
  number =       1,
  pages =        {147--199},
  doi =          {10.7561/SACS.2012.1.147},
}

@Article{bp:lmcs12:kacoq,
  author =       {Thomas Braibant and Damien Pous},
  title =        {Deciding {K}leene Algebras in {C}oq},
  journal =      lmcs,
  year =         2012,
  volume =       8,
  number =       1,
  pages =        {1--16},
  doi =          {10.2168/LMCS-8(1:16)2012},
}

@Article{pous:lmcs12:utas,
  author =	 {Damien Pous},
  title =	 {Untyping Typed Algebras and Colouring Cyclic
                  {L}inear {L}ogic},
  year =	 2012,
  journal =	 lmcs,
  volume =	 8,
  number =	 2,
  doi =		 {10.2168/LMCS-8(2:13)2012},
}

@InProceedings{bp:popl13:hkc,
  author =	 {Filippo Bonchi and Damien Pous},
  title =	 {Checking {NFA} equivalence with bisimulations up to
                  congruence},
  booktitle =	 {POPL},
  year =	 2013,
  publisher =	 acm,
  isbn =	 {978-1-4503-1832-7},
  pages =	 {457--468},
  doi =		 {10.1145/2429069.2429124},
}

@InProceedings{bgp:icse13:rrca,
  author =	 {Fabienne Boyer and Olivier Gruber and Damien Pous},
  title =	 {Robust Reconfigurations of Component Assemblies},
  booktitle =	 {ICSE},
  year =	 2013,
  pages =	 {13--22},
  isbn =	 {978-1-4673-3076-3},
  url =		 {http://dl.acm.org/citation.cfm?id=2486791},
  doi =		 {10.5555/2486788.2486791},
  publisher =	 {IEEE / ACM},
}

@InProceedings{pous:itp13:ra,
  author =	 {Damien Pous},
  title =	 {{K}leene {A}lgebra with {T}ests and {C}oq Tools for While
                  Programs},
  booktitle =	 {ITP},
  year =	 2013,
  series =	 lncs,
  publisher =	 sv,
  volume =	 7998,
  doi =		 {10.1007/978-3-642-39634-2_15},
  pages =	 {180--196}
}

@Misc{pous:coq:ra,
  author =	 {Damien Pous},
  title =	 {Relation{A}lgebra: Coq library covering Relation algebra and {KAT}},
  howpublished = {\url{http://perso.ens-lyon.fr/damien.pous/ra}},
  year =	 {developed since 2012},
}

@InProceedings{pous:calco13:coalgebraic-upto,
  author =	 {Damien Pous},
  title =	 {Coalgebraic Up-To Techniques},
  booktitle =	 {CALCO},
  year =	 2013,
  series =	 lncs,
  publisher =	 sv,
  volume =	 8089,
  doi =		 {10.1007/978-3-642-40206-7_4},
  pages =	 {34--35}
}

@inproceedings{bcps:aplas13:must,
  author =	 {Filippo Bonchi and Georgiana Caltais and Damien Pous
                  and Alexandra Silva},
  title =	 {Brzozowski's and Up-To Algorithms for Must Testing},
  booktitle =	 {APLAS},
  publisher =	 sv,
  series =	 lncs,
  volume =	 8301,
  year =	 2013,
  pages =	 {1--16},
  doi =		 {10.1007/978-3-319-03542-0_1},
}

@inproceedings{ps:jfla14:breakingbad,
  author =	 {Damien Pous and Alan Schmitt},
  title =	 {De la {KAM} avec un Processus d’Ordre Supérieur},
  booktitle =	 {Actes des 25èmes Journées Francophones des Langages
                  Applicatifs},
  publisher =	 {INRIA},
  year =	 2014,
  hal =		 {hal-00966097},
  url =          {https://hal.archives-ouvertes.fr/hal-00966097/document},
  doi =		 {nodoi},
}

@inproceedings{ddep:jfla14:coqeffects,
  author =	 {Jean-Guillaume Dumas and Dominique Duval and Burak
                  Ekici and Damien Pous},
  title =	 {Formal verification in {Coq} of program properties
                  involving the global state effect},
  booktitle =	 {Actes des 25èmes Journées Francophones des Langages
                  Applicatifs},
  publisher =	 {INRIA},
  year =	 2014,
  hal =		 {hal-00869230},
  url =          {https://hal.archives-ouvertes.fr/hal-00869230/document},
  doi =		 {nodoi},
}

@inproceedings{bp:ramics14:kac,
  author =	 {Paul Brunet and Damien Pous},
  title =	 {{K}leene Algebra with Converse},
  booktitle =	 {RAMiCS},
  publisher =	 sv,
  series =	 lncs,
  volume =	 8428,
  pages =	 {101--118},
  year =	 2014,
  doi =		 {10.1007/978-3-319-06251-8_7},
}

@inproceedings{bppr:csllics14:fibupto,
  author =	 {Filippo Bonchi and Daniela Petrişan and Damien Pous
                  and Jurriaan Rot},
  title =	 {Coinduction up-to in a fibrational setting},
  booktitle =	 {CSL-LICS},
  publisher =	 acm,
  year =	 2014,
  pages =	 {20:1--20:9},
  url =		 {http://arxiv.org/abs/1401.6675},
  doi =		 {10.1145/2603088.2603149},
}

@inproceedings{mps:concur14:fo,
  author =	 {Jean-Marie Madiot and Damien Pous and Davide
                  Sangiorgi},
  title =	 {Bisimulations Up-to: Beyond First-Order Transition
                  Systems},
  booktitle =	 {CONCUR},
  year =	 2014,
  pages =	 {93--108},
  volume =	 8704,
  publisher =	 sv,
  series =	 lncs,
  url =          {http://hal.archives-ouvertes.fr/docs/00/99/08/59/PDF/fo.pdf},
  doi =		 {10.1007/978-3-662-44584-6_8},
}

@article{rbbprs:mscs17:ecb,
  author =	 {Jurriaan Rot and Filippo Bonchi and Marcello
                  Bonsangue and Damien Pous and Jan Rutten and
                  Alexandra Silva},
  title =	 {Enhanced Coalgebraic Bisimulation},
  volume =	 {27},
  number =	 {7},
  pages =	 {1236--1264},
  year =	 2017,
  journal =	 mscs,
  doi =		 {10.1017/S0960129515000523},
  covece =	 no,
}

@inproceedings{pous:popl15:kbdd,
  author =	 {Damien Pous},
  year =	 2015,
  booktitle =	 {POPL},
  title =	 {Symbolic Algorithms for Language Equivalence and
                  {K}leene {A}lgebra with {T}ests},
  publisher =	 acm,
  pages =	 {357--368},
  url =          {https://hal.archives-ouvertes.fr/hal-01021497v2/document},
  doi =		 {10.1145/2676726.2677007},
}

@Misc{pous:web:symkat,
  author =	 {Damien Pous},
  title =	 {Web appendix to~\cite{pous:popl15:kbdd},
                  with implementation and interactive applet},
  howpublished = {\url{http://perso.ens-lyon.fr/damien.pous/symkat}},
  year =	 2012
}


@inproceedings{bp:jfla15:rklm:CITELICS15INSTEAD,
  author =	 {Paul Brunet and Damien Pous},
  title =	 {Decidability of Identity-free Relational {K}leene
                  lattices},
  booktitle =	 {26èmes Journées Francophones des
                  Langages Applicatifs},
  publisher =	 {INRIA},
  year =	 2015,
  hal =          {hal-01073932},
  url =          {https://hal.archives-ouvertes.fr/hal-01073932/document},
}

@inproceedings{pous:plmw15,
  author =	 {Damien Pous},
  title =	 {Coinductive techniques, from automata to coalgebra},
  booktitle =	 {PLMW@POPL},
  pages =	 6,
  year =	 2015,
  publisher =	 acm,
  doi =		 {10.1145/2792434.2792440},
}

@article{bp:cacm15:hkc,
  author =	 {Bonchi, Filippo and Pous, Damien},
  title =	 {Hacking Nondeterminism with Induction and
                  Coinduction},
  journal =	 cacm,
  issue_date =	 {February 2015},
  volume =	 58,
  number =	 2,
  month =	 jan,
  year =	 2015,
  issn =	 {0001-0782},
  pages =	 {87--95},
  numpages =	 9,
  doi =		 {10.1145/2713167},
  acmid =	 2713167,
  publisher =	 acm,
} 

@Misc{pous:web:hkc,
  author =	 {Damien Pous},
  title =	 {Web appendix to~\cite{bp:popl13:hkc,bp:cacm15:hkc},
                  with omitted proofs, {C}oq development, and interactive applet},
  howpublished = {\url{http://perso.ens-lyon.fr/damien.pous/hkc}},
  year =	 {2012}
}

@inproceedings{bp:lics15:paka,
  author =	 {Paul Brunet and Damien Pous},
  title =	 {Petri automata for {K}leene allegories},
  booktitle =	 {LICS},
  publisher =	 acm,
  pages =	 {68--79},
  year =	 2015,
  doi =		 {10.1109/LICS.2015.17},
}

@inproceedings{bppr:concur15,
  author =	 {Filippo Bonchi and Daniela Petrişan and Damien Pous
                  and Jurriaan Rot},
  title =	 {Lax bialgebras and up-to techniques for weak
                  bisimulations},
  booktitle =	 {CONCUR},
  pages =	 {240--253},
  year =	 2015,
  series =	 lipics,
  volume =	 42,
  publisher =	 dagstuhl,
  doi =		 {10.4230/LIPIcs.CONCUR.2015.240},
}

@article{bp:jlamp16:kac,
  author =	 {Paul Brunet and Damien Pous},
  title =	 {Algorithms for {K}leene Algebra with Converse},
  journal =	 jlamp,
  year =	 2016,
  volume =	 85,
  number =	 4,
  pages =	 {574--594},
  doi =		 {10.1016/j.jlamp.2015.07.005},
}

@InBook{pous:ejcim16,
  author =	 {Damien Pous},
  title =	 {Informatique Mathématique, une photographie en 2016},
  chapter =	 {Algèbres de relations},
  publisher =	 {CNRS Editions},
  editors =	 {Étienne Baudrier and Loïc Mazo},
  year =	 2016,
  note =         {English version of the chapter available on HAL}
}

@inproceedings{pous:lics16:cawu,
  author =	 {Damien Pous},
  title =	 {Coinduction all the way up},
  booktitle =	 {LICS},
  pages =	 {307--316},
  year =	 2016,
  publisher =	 acm,
  doi =		 {10.1145/2933575.2934564},
  hal =          {hal-01259622},
  covece =       yes,
}

@Misc{bp:web:cawu,
  author =	 {Damien Pous},
  title =	 {Web appendix to~\cite{pous:lics16:cawu}, with
                  omitted proofs and {C}oq formalisation},
  howpublished = {\url{http://perso.ens-lyon.fr/damien.pous/cawu}},
  year =	 2016
}

@inproceedings{bps:itp16,
  author =	 {Paul Brunet and Damien Pous and Insa Stucke},
  title =	 {Cardinalities of finite relations in {C}oq},
  booktitle =	 {ITP},
  pages =	 {466--474},
  year =	 2016,
  doi =		 {10.1007/978-3-319-43144-4_29},
  series =	 lncs,
  volume =	 9807,
  publisher =	 sv,
  hal =          {hal-01441262},
  covece =       yes,
}

@inproceedings{bp:mfcs16,
  author =	 {Paul Brunet and Damien Pous},
  title =	 {A formal exploration of nominal {K}leene algebra},
  booktitle =	 {MFCS},
  pages =	 {22:1--22:13},
  year =	 2016,
  series =	 lipics,
  volume =	 58,
  publisher =	 dagstuhl,
  doi =		 {10.4230/LIPIcs.MFCS.2016.22},
  hal =          {hal-01307532},
  covece =       yes,
}

@article{bppr:acta17,
  author =	 {Filippo Bonchi and Daniela Petrişan and Damien
                  Pous and Jurriaan Rot},
  title =	 {A general account of coinduction up-to},
  journal =	 acta,
  volume =	 54,
  number =	 2,
  pages =	 {127--190},
  year =	 2017,
  doi =		 {10.1007/s00236-016-0271-4},
  hal =          {hal-01442724},
  covece =       yes,
}

@PhdThesis{pous:hdr,
  author =	 {Damien Pous},
  title =	 {Relation algebra: algorithms and formal proofs},
  school =	 {École Normale Supérieure de Lyon},
  year =	 2016,
  month =	 {September},
  note =	 {HdR thesis},
  url =		 {https://hal.archives-ouvertes.fr/tel-01445821/},
  hal =          {tel-01445821},
  covece =       yes,
}


@inproceedings{pr:fossacs17:codensity,
  author =	 {Damien Pous and Jurriaan Rot},
  title =	 {Companions, {C}odensity, and {C}ausality},
  booktitle =	 {FoSSaCS},
  year =	 2017,
  doi =		 {10.1007/978-3-662-54458-7_7},
  series =	 lncs,
  volume =	 10203,
  publisher =	 sv,
  hal =		 {hal-01442222},
  covece =	 yes,
}

@inproceedings{bpr:calco17:monoidal:company,
  author =	 {Henning Basold and Damien Pous and Jurriaan Rot},
  title =	 {Monoidal company for accessible functors},
  booktitle =	 {CALCO},
  year =	 2017,
  doi =		 {10.4230/LIPIcs.CALCO.2017.5},
  series =	 lipics,
  volume =	 72,
  publisher =	 dagstuhl,
  hal =		 {hal-01529340},
  covece =	 yes,
}

@inproceedings{blpps:lics17:hokam,
  author =	 {Malgorzata Biernacka and Dariusz Biernacki and
                  Sergueï Lenglet and Piotr Polesiuk and Damien Pous
                  and Alan Schmitt},
  title =	 {Fully abstract encodings of lambda-calculus in
                  {HO}core through abstract machines},
  booktitle =	 {LICS},
  year =	 2017,
  publisher =	 ieee,
  pages =	 {1--12},
  doi =		 {10.1109/LICS.2017.8005118},
  hal =		 {hal-01479035},
  covece =	 yes,
}

@article{bgp:spe17,
  author =	 {Fabienne Boyer and Olivier Gruber and Damien Pous},
  title =	 {A Robust Reconfiguration Protocol for the Dynamic
                  Update of Component-Based Software Systems},
  journal =	 {Software: Practice and Experience},
  year =	 2017,
  volume =	 47,
  number =	 11,
  pages =	 {1729--1753},
  doi =		 {10.1002/spe.2499},
  note =	 {spe.2499},
}

@inproceedings{clp:mfcs17:tw2,
  author =	 {Enric Cosme-Llópez and Damien Pous},
  title =	 {$K_4$-free graphs as a free algebra},
  booktitle =	 {MFCS},
  year =	 2017,
  doi =		 {10.4230/LIPIcs.MFCS.2017.76},
  series =	 lipics,
  volume =	 83,
  publisher =	 dagstuhl,
  hal =		 {hal-01307532},
  covece =	 yes,
}

@inproceedings{bps:concur17:cka,
  author =	 {Paul Brunet and Damien Pous and Georg Struth},
  title =	 {On decidability of {C}oncurrent {K}leene {A}lgebra},
  booktitle =	 {CONCUR},
  year =	 2017,
  doi =		 {10.4230/LIPIcs.CONCUR.2017.28},
  series =	 lipics,
  volume =	 85,
  pages =	 {24:1--24:16},
  publisher =	 dagstuhl,
  hal =		 {hal-01558108},
  covece =	 yes,
}

@inproceedings{dp:tableaux17:hka,
  author =	 {Anupam Das and Damien Pous},
  title =	 {A cut-free cyclic proof system for {K}leene algebra},
  booktitle =	 {TABLEAUX},
  year =	 2017,
  series =	 lncs,
  publisher =	 sv,
  volume =	 10501,
  pages =	 {261--277},
  doi =		 {10.1007/978-3-319-66902-1_16},
  hal =		 {hal-01558132},
  covece =	 yes,
}

@article{bp:lmcs17,
  author =	 {Paul Brunet and Damien Pous},
  title =	 {Petri automata},
  year =	 2017,
  journal =	 lmcs,
  volume =	 13,
  number =	 3,
  pages =	 {1-50},
  doi =		 {10.23638/LMCS-13(3:33)2017},
  hal =		 {hal-01934638},
  covece =	 yes,
}

@inproceedings{DoczkalB18,
  author =	 {Christian Doczkal and Joachim Bard},
  title =	 {Completeness and decidability of converse {PDL} in
                  the constructive type theory of {C}oq},
  booktitle =	 {CPP},
  publisher =	 acm,
  pages =	 {42--52},
  year =	 2018,
  doi =		 {10.1145/3167088},
  hal =		 {hal-01646782},
  covece =	 yes,
}

@inproceedings{pous:stacs18,
  author =	 {Damien Pous},
  title =	 {On the positive calculus of relations with
                  transitive closure},
  booktitle =	 {STACS},
  year =	 2018,
  series =	 lipics,
  volume =	 96,
  pages =	 {3:1--3:16},
  publisher =	 dagstuhl,
  doi =		 {10.4230/LIPIcs.STACS.2018.3},
  hal =		 {hal-01718925},
  covece =	 yes,
}

@article{DoczkalS18,
  author =	 {Christian Doczkal and Gert Smolka},
  title =	 {Regular Language Representations in the Constructive
                  Type Theory of Coq},
  journal =	 jar,
  volume =	 61,
  number =	 {1-4},
  pages =	 {521--553},
  year =	 2018,
  doi =		 {10.1007/s10817-018-9460-x},
  hal =		 {hal-01832031},
  covece =	 yes,
}

@inproceedings{pv:lics18:allegories,
  author =	 {Damien Pous and Valeria Vignudelli},
  title =	 {Allegories: decidability and graph homomorphisms},
  booktitle =	 {LiCS},
  year =	 2018,
  pages =	 {829--838},
  publisher =	 acm,
  doi =		 {10.1145/3209108.3209172},
  hal =		 {hal-01703906},
  covece =       yes,
}

@inproceedings{dp:itp18:tw2,
  author =	 {Christian Doczkal and Guillaume Combette and Damien Pous},
  title =	 {A formal proof of the minor-exclusion property for treewidth-two graphs},
  booktitle =	 {ITP},
  year =	 2018,
  doi =		 {10.1007/978-3-319-94821-8_11},
  series =	 lncs,
  volume =	 10895,
  publisher =	 sv,
  pages =	 {178--195},
  hal =          {hal-01703922},
  covece =       yes,
}

@inproceedings{dp:mfcs18:tw2,
  author =	 {Christian Doczkal and Damien Pous},
  title =	 {Treewidth-two graphs as a free algebra},
  booktitle =	 {MFCS},
  year =	 2018,
  doi =		 {10.4230/LIPIcs.MFCS.2018.60},
  series =	 lipics,
  volume =	 117,
  pages =	 {60:1--60:15},
  publisher =	 dagstuhl,
  hal =		 {hal-01780844},
  covece =       yes,
}

@inproceedings{dp:csl18:lka,
  author =	 {Anupam Das and Damien Pous},
  title =	 {Non-wellfounded proof theory for ({K}leene+action)(algebras+lattices)},
  booktitle =	 {CSL},
  year =	 2018,
  doi =		 {10.4230/LIPIcs.CSL.2018.19},
  series =	 lipics,
  volume =	 119,
  pages =	 {18:1--18:19},
  publisher =	 dagstuhl,
  hal =          {hal-01703942},
  covece =       yes,
}

@inproceedings{dp:concur18:kl,
  author =	 {Amina Doumane and Damien Pous},
  title =	 {Completeness for identity-free {K}leene Lattices},
  booktitle =	 {CONCUR},
  year =	 2018,
  doi =		 {10.4230/LIPIcs.CONCUR.2018.18},
  series =	 lipics,
  volume =	 118,
  pages =	 {18:1--18:17},
  publisher =	 dagstuhl,
  hal =          {hal-01780845},
  covece =       yes,
}

@inproceedings{bk:fsttcs18,
  author =	 {Marc Bagnol and Denis Kuperberg},
  title =	 {{B}üchi good-for-games automata are efficiently
                  recognizable},
  booktitle =	 {FSTTCS},
  doi =		 {10.4230/LIPIcs.FSTTCS.2018.16},
  hal =		 {not yet},
  series =	 lipics,
  volume =	 122,
  publisher =	 dagstuhl,
  year =	 2018,
  covece =	 yes,
}

@inproceedings{ddp:lpar18:lefthanded,
  author =	 {Anupam Das and Amina Doumane and Damien Pous},
  title =	 {Left-handed completeness for {K}leene algebra, via
                  cyclic proofs},
  booktitle =	 {LPAR},
  year =	 2018,
  doi =		 {10.29007/hzq3},
  series =	 epic,
  volume =	 57,
  pages =	 {271--289},
  publisher =	 easychair,
  hal =          {hal-01940378},
  covece =       yes,
}

@inproceedings{BasoldKL19,
  author =	 {Henning Basold and Ekaterina Komendantskaya and Yue
                  Li},
  title =	 {Coinduction in Uniform: Foundations for Corecursive
                  Proof Search with Horn Clauses},
  booktitle =	 {ESOP},
  series =	 lncs,
  volume =	 11423,
  pages =	 {783--813},
  publisher =	 sv,
  year =	 2019,
  url =		 {https://arxiv.org/abs/1811.07644},
  doi =		 {10.1007/978-3-030-17184-1\_28},
  covece =	 yes,
}

@inproceedings{BonchiSV19,
  author =	 {Filippo Bonchi and Ana Sokolova and Valeria
                  Vignudelli},
  title =	 {The Theory of Traces for Systems with Nondeterminism
                  and Probability},
  booktitle =	 {LiCS},
  pages =	 {1--14},
  publisher =	 ieee,
  year =	 2019,
  doi =		 {10.1109/LICS.2019.8785673},
  hal =          {hal-02187093},
  covece =       yes,
}

@inproceedings{dkpp:fossacs19:kah,
  author =	 {Amina Doumane and Denis Kuperberg and Pierre Pradic
                  and Damien Pous},
  title =	 {Kleene algebra with Hypotheses},
  doi =		 {10.1007/978-3-030-17127-8_12},
  hal =		 {hal-02021315},
  booktitle =	 {FoSSaCS},
  publisher =	 sv,
  year =	 2019,
  series =	 lncs,
  covece =	 yes,
  pages =	 {207--223},
  volume =	 {11425},
}

@inproceedings{kpp:dlt19,
  author =	 {Denis Kuperberg and Laureline Pinault and Damien
                  Pous},
  editor =	 {Piotrek Hofman and Michal Skrzypczak},
  title =	 {Coinductive Algorithms for Büchi Automata},
  booktitle =	 {DLT},
  series =	 lncs,
  volume =	 11647,
  pages =	 {206--220},
  publisher =	 sv,
  year =	 2019,
  doi =		 {10.1007/978-3-030-24886-4\_15},
  hal =		 {hal-01928701},
  covece =	 yes,
}

@inproceedings{bmp:itp19,
  author =	 {Florent Bréhard and Assia Mahboubi and Damien
                  Pous},
  editor =	 {John Harrison and John O'Leary and Andrew Tolmach},
  title =	 {A Certificate-Based Approach to Formally Verified
                  Approximations},
  booktitle =	 {ITP},
  series =	 lipics,
  volume =	 {141},
  pages =	 {8:1--8:19},
  publisher =	 dagstuhl,
  year =	 {2019},
  doi =		 {10.4230/LIPIcs.ITP.2019.8},
  hal =		 {hal-02088529},
  covece =	 yes,
}

@article{pr19:lmcs:companion,
  author =	 {Damien Pous and Jurriaan Rot},
  title =	 {Companions, Causality and Codensity},
  journal =	 lmcs,
  volume =	 15,
  number =	 3,
  year =	 2019,
  doi =		 {10.23638/LMCS-15(3:14)2019},
  url =		 {https://lmcs.episciences.org/5680/pdf},
  halnotice =	 {hal-02330940},
  covece =	 yes,
}

@inproceedings{kpp:fsttcs19:jma,
  author =	 {Denis Kuperberg and Laureline Pinault and Damien
                  Pous},
  title =	 {Cyclic Proofs and Jumping Automata},
  editor =	 {Arkadev Chattopadhyay and Paul Gastin},
  hal =		 {hal-02301651},
  doi =		 {10.4230/LIPIcs.FSTTCS.2019.45},
  booktitle =	 {FSTTCS},
  series =	 lipics,
  volume =	 {150},
  pages =	 {45:1--45:14},
  publisher =	 dagstuhl,
  year =	 2019,
  covece =	 yes,
}

@article{ps:fac19:history,
  author =	 {Damien Pous and Davide Sangiorgi},
  title =	 {Bisimulation and Coinduction Enhancements: A
                  Historical Perspective},
  journal =	 {Formal Aspects of Computing},
  year =	 2019,
  month =	 "Dec",
  day =		 01,
  volume =	 31,
  number =	 6,
  pages =	 "733--749",
  issn =	 "1433-299X",
  doi =		 "10.1007/s00165-019-00497-w",
  halnotice =	 {hal-02393949},
  covece =	 yes,
}
% upload PDF on HAL?

@article{HofnerPS19,
  author =	 {Peter H{\"{o}}fner and Damien Pous and Georg Struth},
  title =	 {Relational and algebraic methods in computer
                  science},
  journal =	 {J. Log. Algebr. Meth. Program.},
  volume =	 106,
  pages =	 {198--199},
  year =	 2019,
  doi =		 {10.1016/j.jlamp.2019.05.005},
  covece =	 yes,
  halnotice =	 {hal-02331045}
}
% note: only the preamble to this special issue (editor)

@inproceedings{Pous19,
  author =	 {Damien Pous},
  title =	 {Coinduction: Automata, Formal Proof, Companions
                  (Invited Paper)},
  booktitle =	 {CALCO},
  series =	 lipics,
  volume =	 139,
  pages =	 {4:1--4:4},
  publisher =	 dagstuhl,
  year =	 2019,
  doi =		 {10.4230/LIPIcs.CALCO.2019.4},
  covece =	 yes,
  halnotice =	 {hal-02393982}
}

@article{dp:jar19:graphs,
  author =	 {Christian Doczkal and Damien Pous},
  title =	 {Graph Theory in Coq: Minors, Treewidth, and
                  Isomorphisms},
  journal =	 "Journal of Automated Reasoning",
  year =	 2020,
  month =	 "Jan",
  day =		 31,
  hal =		 {hal-02316859},
  doi =		 {10.1007/s10817-020-09543-2},
  covece =	 yes,
}
% two HAL documents! (hal-02127698)

@inproceedings{dp:cpp20:pttdom,
  author =	 {Christian Doczkal and Damien Pous},
  title =	 {Completeness of an Axiomatization of Graph
                  Isomorphism via Graph Rewriting in Coq},
  booktitle =	 {CPP},
  year =	 2020,
  pages =	 {325--337},
  publisher =	 acm,
  doi =		 {10.1145/3372885.3373831},
  hal =		 {hal-02333553},
  covece =	 yes,
}
