@article{Mikolaj-long,
  author    = {Mikolaj Bojanczyk},
  title     = {Languages recognised by finite semigroups, and their generalisations
               to objects such as trees and graphs, with an emphasis on definability
               in monadic second-order logic},
  journal   = {CoRR},
  volume    = {abs/2008.11635},
  year      = {2020}
}

@inproceedings{Courcelle2012GraphSA,
  title={Graph Structure and Monadic Second-Order Logic - A Language-Theoretic Approach},
  author={Bruno Courcelle and Joost Engelfriet},
  booktitle={Encyclopedia of mathematics and its applications},
  year={2012}
}

@inproceedings{Cosme-LlopezP17,
  author    = {Enric Cosme{-}Ll{\'{o}}pez and
               Damien Pous},
  title     = {K4-free Graphs as a Free Algebra},
  booktitle = {{MFCS}},
  series    = {LIPIcs},
  volume    = {83},
  pages     = {76:1--76:14},
  publisher = {Schloss Dagstuhl - Leibniz-Zentrum f{\"{u}}r Informatik},
  year      = {2017}
}
@article{Gazdag,
  title={A Kleene Theorem for Bisemigroup and binoid Languages},
  author={Zsolt Gazdag and Zolt{\'a}n L. N{\'e}meth},
  journal={Int. J. Found. Comput. Sci.},
  year={2011},
  volume={22},
  pages={427-446}
}
@article{Robertson,
  title={Graph minors. IV. Tree-width and well-quasi-ordering},
  author={Neil Robertson and Paul D. Seymour},
  journal={J. Comb. Theory, Ser. B},
  year={1990},
  volume={48},
  pages={227-254}
}

@inproceedings{BojanczykP17,
  author    = {Mikolaj Bojanczyk and
               Michal Pilipczuk},
  title     = {Optimizing Tree Decompositions in {MSO}},
  booktitle = {{STACS}},
  series    = {LIPIcs},
  volume    = {66},
  pages     = {15:1--15:13},
  publisher = {Schloss Dagstuhl - Leibniz-Zentrum f{\"{u}}r Informatik},
  year      = {2017}
}
@article{Buchi,
	author = {J. Richard B\"{u}chi},
	pages = {66--92},
	title = {Weak Second-Order Arithmetic and Finite Automata},
	journal = {Mathematical Logic Quarterly},
	doi = {0.1002/malq.19600060105},
	volume = {6},
	year = {1960},
	number = {1-6},
	publisher = {Wiley-Blackwell}
}
@article{Elgot,
  title={Decision problems of finite automata design and related arithmetics},
  author={Calvin C. Elgot},
  journal={Transactions of the American Mathematical Society},
  year={1961},
  volume={98},
  pages={21-51}
}
@InProceedings{kleene,
  author = 	 {S.C. Kleene},
  title = 	 {Representation of events in nerve nets and 
                  finite automata},
  booktitle = 	 {Automata Studies},
  editor = 	 {C.E. Shannon and J. McCarthy}, 
  year = 	 1956,
  pages =	 {3--40},
  note =	 {Princeton}
}

@inproceedings{Gcseg,
  title={Tree Languages},
  author={Ferenc G{\'e}cseg and Magnus Steinby},
  booktitle={Handbook of Formal Languages},
  year={1997}
}

@article{Thatcher,
  title={Generalized finite automata theory with an application to a decision problem of second-order logic},
  author={James W. Thatcher and Jesse B. Wright},
  journal={Mathematical systems theory},
  year={2005},
  volume={2},
  pages={57-81}
}

@article{Kuske,
     author = {Kuske, Dietrich and Meinecke, Ingmar},
     title = {Construction of tree automata from regular expressions},
     journal = {RAIRO - Theoretical Informatics and Applications - Informatique Th\'eorique et Applications},
     pages = {347--370},
     publisher = {EDP-Sciences},
     volume = {45},
     number = {3},
     year = {2011},
     doi = {10.1051/ita/2011107},
     zbl = {1236.68173},
     mrnumber = {2836494},
     language = {en},
     url = {http://www.numdam.org/articles/10.1051/ita/2011107/}
}
@article{Engelfriet,
author = {Engelfriet, Joost},
title = {A Regular Characterization of Graph Languages Definable Monadic Second-Order Logic},
year = {1991},
issue_date = {Sept. 30, 1991},
publisher = {Elsevier Science Publishers Ltd.},
address = {GBR},
volume = {88},
number = {1},
issn = {0304-3975},
url = {https://doi.org/10.1016/0304-3975(91)90078-G},
doi = {10.1016/0304-3975(91)90078-G},
journal = {Theor. Comput. Sci.},
month = {oct},
pages = {139–150},
numpages = {12}
}



@inproceedings{BojanczykP16,
  author    = {Mikolaj Bojanczyk and
               Michal Pilipczuk},
  title     = {Definability equals recognizability for graphs of bounded treewidth},
  booktitle = {{LICS}},
  pages     = {407--416},
  publisher = {{ACM}},
  year      = {2016}
}

@Article{Tarski41,
  author =	 "A. Tarski",
  title =	 "On the Calculus of Relations",
  journal =	 "J. of Symbolic Logic",
  volume =	 6,
  number =	 3,
  pages =	 {73--89},
  year =	 1941,
}

@Book{TG87,
  author =	 {A. Tarski and S. Givant},
  title =	 {A Formalization of Set Theory without Variables},
  publisher =	 ams,
  series =	 {Colloquium Publications},
  volume =	 41,
  address =	 {Providence, Rhode Island},
  year =	 1987,
}

@InProceedings{Pratt92,
  title =	 "Origins of the Calculus of Binary Relations",
  author =	 "V. Pratt",
  pages =	 {248--254},
  booktitle =	 "LICS",
  year =	 1992,
  publisher =	 "IEEE Computer Society Press",
}

@article{Monk64,
  author =	 {Monk, Donald},
  year =	 1964,
  pages =	 {207-210},
  title =	 {On Representable Relation Algebras},
  volume =	 31,
  number =	 3,
  journal =	 {The Michigan mathematical journal},
  doi =		 {10.1307/mmj/1028999131},
  abstract =	 {non axiomatisabilité de RRA},
}

@Book{FS90,
  author =	 {P. Freyd and A. Scedrov},
  title =	 {Categories, Allegories},
  publisher =	 nh,
  year =	 1990,
}


@book{Maddux06,
  author =	 {Roger Maddux},
  title =	 {Relation Algebras},
  publisher =	 {Elsevier},
  isbn =	 9780444520135,
  year =	 2006,
}

@article{AM11,
  author =	 {Andréka, Hajnal and Mikulás, Szabolcs},
  title =	 {Axiomatizability of positive algebras of binary
                  relations},
  journal =	 {Algebra universalis},
  volume =	 66,
  number =	 7,
  year =	 2011,
  doi =		 {10.1007/s00012-011-0142-3},
  note =	 {An erratum appears at
                  \url{http://www.dcs.bbk.ac.uk/~szabolcs/AM-AU-err6.pdf}},
  abstract =	 {summary: (non)axiomatisabilité de pleins de
                  fragments, avec erreur pour · cap 1},
}

@inproceedings{Nakamura17,
  author =	 {Yoshiki Nakamura},
  title =	 {Partial derivatives on graphs for Kleene allegories},
  booktitle =	 {Lics},
  pages =	 {1--12},
  publisher =	 ieee,
  year =	 {2017},
  doi =		 {10.1109/LICS.2017.8005132},
  abstract =	 {(representable) kleene allegories with top: decidability},
}

@article{BS78,
  author =	 {D. A. Bredihin and B. M. Schein},
  journal =	 {Colloquium Mathematicae},
  number =	 1,
  pages =	 {1-12},
  title =	 {Representations of ordered semigroups and lattices
                  by binary relations},
  url =		 {http://eudml.org/doc/266458},
  volume =	 39,
  year =	 1978,
  abstract =	 {intersection composition, axiomatisabilité avec les ordinaux pénibles},
}

@article{Bre93,
  author =	 {D. A. Bredikhin},
  title =	 {The equational theory of relation algebras with
                  positive operations},
  journal =	 {Izv. Vyssh. Uchebn. Zaved. Mat.},
  year =	 1993,
  volume =	 37,
  number =	 3,
  pages =	 {23-30},
  url =		 {http://mi.mathnet.ru/ivm4374},
  note =	 "In Russian"
}

@article{Grabowski81,
  title =	 {On partial languages},
  author =	 {J. Grabowski},
  journal =	 fa,
  year =	 1981,
  volume =	 4,
  pages =	 {427--498},
  abstract =	 {pomset languages, refinement order}
}

@article{Gischer88,
  title =	 "The equational theory of pomsets",
  journal =	 tcs,
  volume =	 61,
  number =	 2,
  pages =	 "199--224",
  year =	 1988,
  doi =		 "10.1016/0304-3975(88)90124-7",
  author =	 "Jay L. Gischer",
  abstract =	 {axiomatisation for pomsets}
}


@article{AB95,
  year =	 1995,
  issn =	 {0002-5240},
  journal =	 au,
  volume =	 33,
  number =	 4,
  title =	 {The equational theory of union-free algebras of
                  relations},
  doi =		 {10.1007/BF01225472},
  author =	 {Andr\'eka, H. and Bredikhin, D.A.},
  pages =	 {516--532},
  abstract = {non axiomatisability of representable allegories}
}

@InProceedings{Mikulas04,
  author =	 "Mikul{\'a}s, Szabolcs",
  title =	 "Axiomatizability of algebras of binary relations",
  booktitle =	 "Classical and New Paradigms of Computation and their
                  Complexity Hierarchies",
  year =	 2004,
  publisher =	 "Springer Netherlands",
  pages =	 "187--205",
  abstract =	 "(non)axiomatizability of RRA. We examine
                  the step-by-step method for establishing finite
                  axiomatizability and ultraproduct constructions for
                  establishing non-finite axiomatizability.",
  isbn =	 "978-1-4020-2776-5",
  doi =		 {10.1007/978-1-4020-2776-5_11}
}

@article{HodMik00,
  author =	 {Hodkinson, Ian and Mikulás, Szabolcs},
  year =	 2000,
  title =	 {Axiomatizability of reducts of algebras of
                  relations},
  journal =	 {Algebra Universalis},
  volume =	 43,
  pages =	 {127-156},
  abstract =	 {any subreduct of the class of representable relation
                  algebras whose similarity type includes
                  intersection, relation composition and converse is a
                  non-finitely axiomatizable quasivariety and that its
                  equational theory is not finitely based. },
  doi =		 {10.1007/s000120050150},
}

@article{Haiman91,
  author =	 {Haiman, Mark},
  year =	 1991,
  title =	 {Arguesian lattices which are not type-1},
  journal =	 {Algebra Universalis},
  pages =	 {128-137},
  volume =	 28,
  doi =		 {10.1007/BF01190416},
  abstract = {non axiom fo · cap converse ???}
}

@article{BES95,
  title =	 {Notes on equational theories of relations},
  author =	 {S. L. Bloom and Z. {\'E}sik and G. Stefanescu},
  journal =	 au,
  volume =	 33,
  number =	 1,
  pages =	 {98--126},
  year =	 1995,
  doi =		 {10.1007/BF01190768},
  abstract = {completeness},
}

@article{EB95,
  title =	 {Equational properties of {K}leene algebras of
                  relations with conversion},
  author =	 {Z. {\'E}sik and L. Bern{\'a}tsky},
  journal =	 tcs,
  volume =	 137,
  number =	 2,
  pages =	 {237--251},
  year =	 1995,
  publisher =	 {Elsevier},
  doi =		 {10.1016/0304-3975(94)00041-G},
  abstract = {decidability},
}
@misc{Brunet:moustaches,
  title =	 {The Equational Theory of Algebras of Languages},
  author =	 {Paul Brunet},
  howpublished = {Talk at RAMiCS, Lyon, May 2017 (Special session on
                  mechanised reasoning)},
  year =	 2017
}

@article{HoareMSW11,
  author =	 {T. Hoare and B. M{\"o}ller and G. Struth and
                  I. Wehrman},
  title =	 {Concurrent {Kleene} Algebra and its Foundations},
  journal =	 jlap,
  volume =	 80,
  number =	 6,
  year =	 2011,
  pages =	 {266--296},
}
